@article{Akaike78, 
author = {Akaike, H.}, 
year = 1978, 
title = {A new look at the {B}ayes procedure}, 
journal = {Biometrika}, 
volume = 65,
pages = {53--59}
}

@article{Andrews74, 
author = {Andrews, D. F. and Mallows, C. L.}, 
year = 1974, 
title = {Scale mixtures of normal distributions}, 
journal = {J. R. Stat. Soc. Ser. B. Stat. Methodol.}, 
volume = 36, 
pages = {99--102}
}

@article{Banbura10,
author = {Ba\'{n}bura, M. and Giannone, D. and Reichlin, L.},
title = {Large {B}ayesian vector auto regressions},
journal = {Journal of Applied Econometrics},
volume = {25},
number = {1},
pages = {71-92},
doi = {10.1002/jae.1137},
year = {2010}
}

@INPROCEEDINGS{Chartrand08, 
author={R. Chartrand and W. Yin}, 
booktitle={2008 IEEE International Conference on Acoustics, Speech and Signal Processing}, 
title={Iteratively reweighted algorithms for compressive sensing}, 
year={2008}, 
volume={}, 
number={}, 
pages={3869-3872}, 
doi={10.1109/ICASSP.2008.4518498}, 
month={March},}

@article{Chib95,
author = {Chib, S.},
year = 1995,
title = {Marginal likelihood from the Gibbs output},
journal = {J. Amer. Statist. Assoc.},
volume = 90,
pages = {1313--1321}
}

@article{Craigon04,
author = {Craigon, D. J. and James, N. and Okyere, J. and Higgins, J.and Jotham, J. and May, S.},
year = 2004,
title = {NASCArrays: a repository for microarray data
generated by NASC's transcriptomics service},
journal = {Nucl. Acids Res},
volume = 32,
pages = {D575--D577},
note = {\url{http://affymetrix.arabidopsis.info/}}
}

@article{Doan84,
author = {T. Doan and R. Litterman and C. Sims},
year = 1984,
title = {Forecasting and conditional projection using realistic prior distributions},
journal = {Econometric Reviews},
volume = {3},
number = {1},
pages = {1--100}, 
doi = {10.1080/07474938408800053}
}

@ARTICLE{Eltoft06, 
author={T. Eltoft and T. Kim and T.-W. Lee}, 
journal={IEEE Signal Processing Letters}, 
title={On the multivariate Laplace distribution}, 
year={2006}, 
volume={13}, 
number={5}, 
pages={300-303}, 
doi={10.1109/LSP.2006.870353}
}

@incollection{Fan06,
author = {Fan, J.and Li, R.},
year = 2006,
title = {Statistical challenges with high dimensionality: feature selection in knowledge discovery},
editor = {Sanz-Sole, M. and Soria, J. and Varona, J. L. and Verdera, J.},
booktitle = {Proceedings of the International Congress of Mathematicians},
volume = 3,
publisher = {European Mathematical Society},
address = {Zurich},
pages = {595--622}
}

@book{Fuller96,
author = {Fuller, W. A.},
year = 1996,
title = {Introduction to Statistical Time Series},
publisher = {John Wiley \& Sons},
address = {Hoboken}
}

@book{Gelman95,
author = {Gelman, A. and Carlin, J. B. and Stern, H. S. and Rubin, D. B.},
year = 1995,
title = {Bayesian Data Analysis},
publisher = {Chapman and Hall},
address = {London}
}

@article{Golub79,
author = {G. H. Golub and M. Heath and G. Wahba},
title = {Generalized cross-validation as a method for choosing a good ridge parameter},
journal = {Technometrics},
volume = {21},
number = {2},
pages = {215-223},
year  = {1979},
publisher = {Taylor & Francis},
doi = {10.1080/00401706.1979.10489751}
}

@article{Granger69,
author = {Granger, C. W. J.},
year = 1969,
title = {Investigating causal relations by econometric models and cross-spectral methods},
journal = {Econometrica},
volume = 37,
pages = {424--438}
}

@book{Hamilton94,
author = {J. D. Hamilton},
year = 1994,
title = {Time Series Analysis},
publisher = {Princeton University Press},
address = {Princeton}
}

@article{Harrison03,
author = {Harrison, L. and Penny, W. D. and Friston, K.},
year = 2003,
title = {Multivariate autoregressive modeling of fMRI time series},
journal = {NeuroImage},
volume = 19,
pages = {1477--1491}
}

@book{Hastie01,
author = {Hastie, T.and Tibshirani, R. and Friedman, J.},
year = 2001,
title = {The Elements of Statistical Learning},
publisher = {Springer},
address = {New York}
}

@article{Hoerl70,
author = {A. E. Hoerl and R. W. Kennard},
title = {Ridge regression: Biased estimation for nonorthogonal problems},
journal = {Technometrics},
volume = {12},
number = {1},
pages = {55-67},
year  = {1970},
publisher = {Taylor & Francis},
doi = {10.1080/00401706.1970.10488634}
}

@article{Kim1998,
author = {Kim, J.-Y.},
year = 1998,
title = {Large sample properties of posterior densities, Bayesian
information criterion and the likelihood principle in
nonstationary time series models},
journal = {Econometrica},
volume = 66,
pages = {359--380}
}

@article{Koo08,
author = {Koo, I. and Lee, N. and Kil, R. M.},
year = 2008,
title = {Parameterized cross-validation for nonlinear regression models},
journal = {Neurocomputing},
volume = 71,
pages = {3089--3095}
}

@article{Koop10BayesianVAR,
author = {G. Koop and D. Korobilis},
year = 2010,
title = {{B}ayesian multivariate time series methods for empirical macroeconomics},
journal = {Foundations and Trends in Econometrics},
volume = 3,
number = 4,
pages = {267--358}, 
doi = {10.1561/0800000013}
}

@article{LeeChoiKim2016,
author = {Lee, N. and Choi, H. and Kim, S.-H.},
year = 2016, 
title = {Bayes shrinkage estimation for high-dimensional VAR
models with scale mixture of normal distributions for noise},	
journal = {Computationl Statistics \& Data Analysis},
volume = 101,
pages = {250--276},
doi = "10.1016/j.csda.2016.03.007"
} 

@article{Litterman86,
 author = {R. B. Litterman},
 journal = {Journal of Business \& Economic Statistics},
 volume = {4},
 number = {1},
 pages = {25--38},
 title = {Forecasting with {B}ayesian Vector Autoregressions: {F}ive Years of Experience},
 year = {1986},
doi = {10.2307/1391384}
}


@article{Lopes99,
author = {Lopes, H. F. and Moreira, A. R. B. and Schmidt, A. M.},
year = 1999,
title = {Hyperparameter estimation in forecast models},
journal = {Computationl Statistics \& Data Analysis},
volume = 29,
pages = {387--410}
}

@article{Ni05,
 author = {S. Ni and D. Sun},
 journal = {Journal of Business \& Economic Statistics},
 number = {1},
 pages = {105--117},
 title = {{B}ayesian Estimates for Vector Autoregressive Models},
 volume = {23},
 year = {2005},
 doi = {10.1198/073500104000000622}
}

@article{Sun04,
title = "{B}ayesian analysis of vector-autoregressive models with noninformative priors",
journal = "Journal of Statistical Planning and Inference",
volume = "121",
number = "2",
pages = "291 - 309",
year = "2004",
doi = "10.1016/S0378-3758(03)00116-2",
author = "D. Sun and S. Ni",
}

@article{Rhein07a,
author = {Opgen-Rhein, R. and Strimmer, K.},
year = 2007,
title = {Accurate ranking of differentially expressed genes by a distribution-free shrinkage approach},
journal = {Statistical Applications in Genetics and Molecular Biology},
volume = 6,
number = 1,
pages = {9},
doi = {10.2202/1544-6115.1252}
}

@article{Rhein07c,
author = {R.  Opgen-Rhein and K. Strimmer},
year = 2007,
title = {Learning causal networks from systems biology time course data: an effective model selection procedure for the vector autoregressive process},
journal = {BMC Bioinformatics},
volume = {8},
number = {2},
pages = {S3},
doi = {10.1186/1471-2105-8-S2-S3}
}

@misc{Schafer14,
author = {Sch\"{a}fer, J. and Opgen-Rhein, R. and Strimmer, K.},
year = 2014,
title = {{GeneNet}: {M}odeling and inferring gene networks},
howpublished = {R Package Version 1.2.11},
note = {Available at \url{http://CRAN.R-project.org/package=GeneNet}}
}

@article{Schafer05b,
author = {Sch\"{a}fer, J. and Strimmer, K.},
year = 2005,
title = {A shrinkage approach to large-scale covariance matrix estimation and implications for functional genomics},
journal = {Statistical Applications in Genetics and Molecular Biology},
volume = 4,
number = 1,
pages = {32},
doi = {10.2202/1544-6115.1175}
}

@misc{Schafer17,
author = {Sch\"{a}fer, J. and Opgen-Rhein, R. and Zuber, V. and Ahdesm\"{a}ki, M. and Silva, A. P. D. and Strimmer, K.},
year = 2017,
title = {corpcor: {E}fficient estimation of covariance and (partial) correlation},
howpublished = {R Package Version 1.6.9},
note = {Available at \url{http://CRAN.R-project.org/package=corpcor}}
}

@book{Seber03,
author = {Seber, G. A. F. and Lee, A. J.},
year = 2003,
title = {Linear Regression Analysis, 2nd edition},
publisher = {John Wiley \& Sons},
address = {Hoboken}
}

@article{Shao93,
author = {Shao, J.},
year = 1993,
title = {Linear model selection by cross-validation},
journal = {J. Amer. Statist. Assoc},
volume = 88,
pages = {486--494}
}

@article{Sims80,
author = {Sims, C. A.},
year = 1980,
title = {Macroeconomics and reality},
journal = {Econometrica},
volume = 48,
pages = {1--48}
}

@article{Sims82,
author = {Sims, C. A.},
year = 1982,
title = {Policy analysis with econometric models},
journal = {Brookings Papers on Economic Activity},
volume = 13,
pages = {107--164}
}

@article{Smith04,
author = {Smith, S. M. and Fulton, D. C. and Chia, T. and Thorneycroft, D. and Chapple, A. and Dunstan, H. and Hylton, C. and Zeeman, S. C. and Smith, A. M.}, year = 2004,
title = {Diurnal changes in the transcriptome encoding enzymes of starch
metabolism provide evidence for both transcriptional and
posttranscriptional regulation of starch metabolism in Arabidopsis
leaves},
journal = {Plant Physiol},
volume = 136,
pages = {2687--2699}
}

@article{Strimmer08,
author = {Strimmer, K.},
year = 2008,
title = {Fdrtool: a versatile R package for estimating
local and tail area-based false discovery rates},
journal = {Bioinform},
volume = 24,
pages = {1461--1462}
}

@article{Tib96,
author = {Tibshirani, R.},
year = 1996,
title = {Regression shrinkage and selection via the lasso},
journal = {J. R. Stat. Soc. Ser. B. Stat. Methodol},
volume = 58,
pages = {267--288}
}

@book{Tsay05,
author = {R. S. Tsay},
year = 2005,
title = {Analysis of Financial Time Series},
edition = {2nd},
publisher = {John Wiley \& Sons},
series = {Wiley series in probability and statistics},
address = {Hoboken, NJ}, 
isbn = {978-0-471-69074-0}
}

@book{Wei05,
author = {Wei, W. W.},
year = 2005,
title = {Time Series Analysis: Univariate and Multivariate Methods, 2nd edition},
publisher = {Addison-Wesley}
}

@article{West84,
 author = {M. West},
 journal = {Journal of the Royal Statistical Society. Series B (Methodological)},
 number = {3},
 pages = {431--439},
 title = {Outlier models and prior distributions in {B}ayesian linear regression},
 volume = {46},
 year = {1984}
}


@book{Whittaker90,
author = {Whittaker, J.},
year = 1990,
title = {Graphical Models in Applied Multivariate Statistics},
publisher = {John Wiley \& Sons},
address = {New York}
}

@article{Wong83,
author = {Wong, W. H.},
year = 1983,
title = {On the consistency of cross-validation in kernel nonparametric regression},
journal = {Ann. Statist},
volume = 11,
pages = {1136--1141}
}

@article{Yang2007,
author = {Yang, Y.},
year = 2007,
title = {Consistency of cross validation for comparing regression procedures},
journal = {Ann. Statist},
volume = 35,
pages = {2450--2473}
}

@article{Zellner86,
author = {Zellner, A.},
year = 1986,
title = {Bayesian estimation and prediction using asymmetric loss functions},
journal = {Journal of the American Statistical Association},
publisher = {Taylor & Francis},
volume = 81,
number = {394},
pages = {446--451},
doi = {10.1080/01621459.1986.10478289}
}



@misc{Hyndman18,
author = {R. Hyndman and G. Athanasopoulos and C. Bergmeir and G. Caceres and L. Chhay and M. O'Hara-Wild and F. Petropoulos and S. Razbash and E. Wang and F. Yasmeen and {R Core Team} and R. Ihaka and D. Reid and D. Shaub and Y. Tang and Z. Zhou},
year = 2018,
title = {{forecast}: {F}orecasting Functions for Time Series and Linear Models},
howpublished = {R Package Version 8.4},
note = {Available at \url{https://cran.r-project.org/web/packages/forecast}}
}

@misc{Tsay18,
author = {R. S. Tsay and  D. Wood},
year = 2018,
title = {{MTS}: All-Purpose Toolkit for Analyzing Multivariate Time Series (MTS) and Estimating Multivariate Volatility Models},
howpublished = {R Package Version 1.0},
note = {Available at \url{https://cran.r-project.org/web/packages/MTS}}
}

@misc{Pfaff18,
author = {B. Pfaff and M. Stigler},
year = 2018,
title = {{vars}: VAR Modelling},
howpublished = {R Package Version 1.5-3},
note = {Available at \url{https://cran.r-project.org/web/packages/vars}}
}

@misc{Ripley18,
author = {B. Ripley and B. Venables and D. M. Bates and K. Hornik and A. Gebhardt and D. Firth},
year = 2018,
title = {{MASS}: Support Functions and Datasets for Venables and Ripley's MASS},
howpublished = {R Package Version 7.3-51.1},
note = {Available at \url{https://cran.r-project.org/web/packages/MASS}}
}

@misc{Frideman18,
author = {J. Friedman and T. Hastie and R. Tibshirani and N. Simon and B. Narasimhan and J. Qian},
year = 2018,
title = {glmnet: Lasso and Elastic-Net Regularized Generalized Linear Models},
howpublished = {R Package Version 2.0-16},
note = {Available at \url{https://cran.r-project.org/web/packages/glmnet}}
}

@misc{Moritz18,
author = {S. Moritz and E. Cule},
year = 2018,
title = {ridge: Ridge Regression with Automatic Selection of the Penalty Parameter},
howpublished = {R Package Version 2.3},
note = {Available at \url{https://cran.r-project.org/web/packages/ridge}}
}

@article{Fiecas2011aoas,
author = {Fiecas, M. and Ombao, H.},
title = {The generalized shrinkage estimator for the analysis of functional connectivity of brain signals}, 
journal = {The Annals of Applied Statistics},
volume = 5,
year = {2011}, 
number = {2A}, 
pages = {1102--1125}, 
doi = {10.1214/10-AOAS396}
}

@article{LedoitWolf2004shrinkcov,
title = "A well-conditioned estimator for large-dimensional covariance matrices",
journal = "Journal of Multivariate Analysis",
volume = "88",
number = "2",
pages = "365 - 411",
year = "2004",
doi = "10.1016/S0047-259X(03)00096-4",
author = "O. Ledoit and M. Wolf"
}

@article{Bohm2009shrinkage,
title = "Shrinkage estimation in the frequency domain of multivariate time series",
journal = "Journal of Multivariate Analysis",
volume = "100",
number = "5",
pages = "913 - 935",
year = "2009",
doi = "10.1016/j.jmva.2008.09.009",
author = {H. B\"{o}hm and R. {von Sachs}}
}

@ARTICLE{Beltra2013shrinkageEEG, 
author={L. Beltrachini and N. {von Ellenrieder} and C. H. Muravchik}, 
journal={IEEE Transactions on Signal Processing}, 
title={Shrinkage Approach for Spatiotemporal {EEG} Covariance Matrix Estimation}, 
year={2013}, 
volume={61}, 
number={7}, 
pages={1797-1808}, 
doi={10.1109/TSP.2013.2238532}
}

@article{Primiceri2005timevarying,
 author = {G. E. Primiceri},
 journal = {The Review of Economic Studies},
 number = {3},
 pages = {821--852},
 title = {Time Varying Structural Vector Autoregressions and Monetary Policy},
 volume = {72},
 year = {2005},
 doi = {10.1111/j.1467-937X.2005.00353.x}
}

@misc{Krueger2015bvarsv,
author = {F. Krueger},
year = 2015,
title = {bvarsv: {B}ayesian Analysis of a Vector Autoregressive Model with Stochastic Volatility and Time-Varying Parameters},
howpublished = {R Package Version 1.1},
note = {Available at \url{https://cran.r-project.org/web/packages/bvarsv}}
}

